@article{VERITY2020669,
  title = {Estimates of the severity of coronavirus disease 2019: a model-based analysis},
  journal = {The Lancet Infectious Diseases},
  volume = {20},
  number = {6},
  pages = {669-677},
  year = {2020},
  issn = {1473-3099},
  doi = {https://doi.org/10.1016/S1473-3099(20)30243-7},
  url = {https://www.sciencedirect.com/science/article/pii/S1473309920302437},
  author = {Robert Verity and Lucy C Okell and Ilaria Dorigatti and Peter Winskill and Charles Whittaker and Natsuko Imai and Gina Cuomo-Dannenburg and Hayley Thompson and Patrick G T Walker and Han Fu and Amy Dighe and Jamie T Griffin and Marc Baguelin and Sangeeta Bhatia and Adhiratha Boonyasiri and Anne Cori and Zulma Cucunub√° and Rich FitzJohn and Katy Gaythorpe and Will Green and Arran Hamlet and Wes Hinsley and Daniel Laydon and Gemma Nedjati-Gilani and Steven Riley and Sabine {van Elsland} and Erik Volz and Haowei Wang and Yuanrong Wang and Xiaoyue Xi and Christl A Donnelly and Azra C Ghani and Neil M Ferguson}
}

@article{yang2020early,
  title={{Early estimation of the case fatality rate of COVID-19 in mainland China: a data-driven analysis}},
  author={Yang, Shu and Cao, Peihua and Du, Peipei and Wu, Ziting and Zhuang, Zian and Yang, Lin and Yu, Xuan and Zhou, Qi and Feng, Xixi and Wang, Xiaohui and Li, Weiguo and Liu, Enmei and Chen, Ju and Chen, Yaolong and {Daihai He on behalf of COVID-19 evidence and recommendations working group}},
  journal={Annals of translational medicine},
  volume={8},
  number={4},
  year={2020},
  publisher={AME Publications}
}

@article{rajgor2020many,
  title={{The many estimates of the COVID-19 case fatality rate}},
  author={Rajgor, Dimple D and Lee, Meng Har and Archuleta, Sophia and Bagdasarian, Natasha and Quek, Swee Chye},
  journal={The Lancet Infectious Diseases},
  volume={20},
  number={7},
  pages={776--777},
  year={2020},
  publisher={Elsevier}
}

@article{levin2020assessing,
  title={{Assessing the age specificity of infection fatality rates for COVID-19: systematic review, meta-analysis, and public policy implications}},
  author={Levin, Andrew T and Hanage, William P and Owusu-Boaitey, Nana and Cochran, Kensington B and Walsh, Seamus P and Meyerowitz-Katz, Gideon},
  journal={European journal of epidemiology},
  volume={35},
  number={12},
  pages={1123--1138},
  year={2020},
  publisher={Springer}
}
